<?xml version="1.0" encoding="UTF-8"?><collection xmlns="http://www.loc.gov/MARC21/slim"><record><leader>00387nam--2200121-i-4500</leader><controlfield tag="001">000003111</controlfield><controlfield tag="002">20161230</controlfield><controlfield tag="005">20161230201025</controlfield><controlfield tag="008">060222s1000------------r-----000-0-eng-d</controlfield><datafield ind1=" " ind2=" " tag="100"><subfield code="a">Boll, Marcel</subfield></datafield><datafield ind1=" " ind2=" " tag="245"><subfield code="a">Tables numeriques universelles des laboratoire s et bureaux d`etude. 2-eme edition revue et augmentee</subfield></datafield><datafield ind1=" " ind2=" " tag="260"><subfield code="a">Paris, Dunod, 1957. 901 P. Cu 122 Grafice Si 1 Index</subfield></datafield><datafield ind1=" " ind2=" " tag="852"><subfield code="a">12622</subfield></datafield></record></collection>